@article{Chomsky1956,
  added-at = {2012-10-16T14:37:16.000+0200},
  author = {Chomsky, Noam},
  biburl = {https://www.bibsonomy.org/bibtex/274d616ec9ae6609537faf9ffd7299166/jil},
  interhash = {19b800c0c296d6a6b43bf28a53258889},
  intrahash = {74d616ec9ae6609537faf9ffd7299166},
  journal = {IRE Transactions on Information Theory},
  keywords = {chomsky formal grammar hierarchy},
  language = {english},
  pages = {113--124},
  timestamp = {2013-11-23T20:11:51.000+0100},
  title = {Three models for the description of language},
  url = {http://www.chomsky.info/articles/195609--.pdf},
  volume = 2,
  year = 1956
}

@incollection{sep-logicalform,
  author = {Paul Pietroski},
  year = {2015},
  title = {Logical Form},
  booktitle = {The Stanford encyclopedia of philosophy},
  editor = {Paul Pietroski},
  edition = {2015 ed.},
  url = {https://plato.stanford.edu/entries/logical-form/},
}

@incollection{sep-montague,
  author = {Janssen, Theo M. V.},
  year = {2015},
  title = {Montague Semantics},
  booktitle = {The Stanford encyclopedia of philosophy},
  editor = {Edward N. Zalta},
  edition = {2020 ed.},
  url = {https://plato.stanford.edu/entries/montague-semantics/},
}

@incollection{mikolov2013,
  added-at = {2015-08-28T18:25:59.000+0200},
  author = {Mikolov, Tomas and Sutskever, Ilya and Chen, Kai and Corrado, Greg S and Dean, Jeff},
  biburl = {https://www.bibsonomy.org/bibtex/24068b331120ae60adb367eb4cd1b7407/thoni},
  booktitle = {NIPS},
  interhash = {4d7ff49f008ec05928f11e50f2db1cf9},
  intrahash = {4068b331120ae60adb367eb4cd1b7407},
  keywords = {blog_semnav_wiki deep deepwiki learning proposal solvatio tau word2vec},
  pages = {3111--3119},
  publisher = {Curran Associates, Inc.},
  timestamp = {2018-02-28T16:31:16.000+0100},
  title = {Distributed Representations of Words and Phrases and their Compositionality},
  url = {http://papers.nips.cc/paper/5021-distributed-representations-of-words-and-phrases-and-their-compositionality.pdf},
  year = 2013
}


